@misc{sendup, title={Send-Up}, url={http://www.send-up.net/}, journal={Send-Up}, publisher={Cirrusware}, author={Cirrusware}}
